@online{oracle-2019,
	author = {{Oracle}},
	date = {2019-03-25},
	language = {spanish},
	title = {Modelo de arquitectura del protocolo TCP/IP (GuÃ­a de administraciÃ³n del sistema: servicios IP)},
	url = {https://docs.oracle.com/cd/E19957-01/820-2981/ipov-10/#:%7E:text=El%20modelo%20OSI%20describe%20las,Oracle%20Solaris%20de%20TCP%2FIP.},
	urldate = {2022-03-15},
}
@online{fs-community-2022,
	author = {{FS Community}},
	date = {2022-03-16},
	language = {english},
	title = {¿Cuál es la diferencia entre modelo OSI y modelo TCP/IP?},
	url = {https://community.fs.com/es/blog/tcpip-vs-osi-whats-the-difference-between-the-two-models.html},
	urldate = {2022-03-15},
}
@online{infocitel-2009,
	author = {{Info@Citel}},
	date = {2009-08},
	language = {spanish},
	title = {info@citel},
	url = {http://www.oas.org/en/citel/infocitel/2009/agosto/802_e.asp},
	urldate = {2022-03-15},
}
@online{madrid-no-date,
	author = {given-i=J, given={Jos\'e Espa\~na Luis Prieto /}, family=Madrid},
	language = {spanish},
	title = {IEEE 802.3 - GTI - Glosario Terminolog\'ia Inform\'aatica},
	url = {http://www.tugurium.com/gti/termino.php?Tr=IEEE%20802.3&Tp=N&Or=0},
	urldate = {2022-03-15},
}
@report{martin-2010,
	author = {given-i=A., family=Martín},
	date = {2010-12},
	language = {spanish},
	number = {TFG},
	publisher = {Departamento de Ingeniería Telemática},
	title = {Implementación de un prototipo IEEE 802.21 para realizar handovers entre diferentes tecnologías},
	url = {https://e-archivo.uc3m.es/bitstream/handle/10016/11072/PFC_Alberto_Martin_Ascension.pdf?sequence=1&isAllowed=y},
}
@online{technopedia-no-date,
	author = {{Technopedia}},
	language = {spanish},
	title = {¿Que es ieee 802? - definicion de techopedia - Redes - 2022},
	url = {https://es.theastrologypage.com/ieee-802},
	urldate = {2022-03-16},
}